@article{tang2019osf,
 title={Data assimilation in Agent-based models using creation and annihilation operators},
 URL={osf.io/wu9q4},
 doi={10.31219/osf.io/wu9q4},
 journal={OSF Preprints},
 author={Tang, Daniel},
 year={2019},
 month={Oct}
}

@article{reibman1988numerical,
  title={Numerical transient analysis of Markov models},
  author={Reibman, Andrew and Trivedi, Kishor},
  journal={Computers \& Operations Research},
  volume={15},
  number={1},
  pages={19--36},
  year={1988},
  publisher={Elsevier}
}

@article{tang2019data,
  title={Data assimilation in Agent-based models using creation and annihilation operators},
  author={Tang, Daniel},
  journal={arXiv preprint arXiv:1910.09442},
  URL={https://arxiv.org/abs/1910.09442},
  year={2019}
}

@article{blizard1988multiset,
  title={Multiset theory.},
  author={Blizard, Wayne D and others},
  journal={Notre Dame Journal of formal logic},
  volume={30},
  number={1},
  pages={36--66},
  year={1988},
  publisher={University of Notre Dame}
}
